@article{condori2024,
  title={Optimización de la producción de quinua mediante programación lineal en la región Puno},
  author={Condori Mamani, Juan and Quispe Flores, María},
  journal={Revista de Investigaciones Agropecuarias UNA Puno},
  volume={15},
  number={3},
  pages={1--25},
  year={2024},
  url={http://repositorio.unap.edu.pe/handle/20.500.12737/12345}
}
